@misc{wheedham,
  author = {{Julio Hernandez-Castro}},
  title = {Wheedham: An Automatically Designed Block Cipher by means of Genetic Programming},
  howpublished = {Scientific Figure on ResearchGate},
  url = {https://www.researchgate.net/figure/Illustration-of-a-round-in-a-Feistel-network_fig1_224645711},
  note = {Accessed 22 Mar, 2024}
}

@inproceedings{maurer2011constructive,
  title={Constructive Cryptography--a new paradigm for security definitions and proofs},
  author={Maurer, Ueli},
  booktitle={Joint Workshop on Theory of Security and Applications},
  pages={33--56},
  year={2011},
  month={3},
  organization={Springer Berlin Heidelberg},
  address={Berlin, Heidelberg}
}

@techreport{nist_aes,
  author = {{National Institute of Standards and Technology (NIST)}},
  title = {{FIPS Publication 197: Advanced Encryption Standard (AES)}},
  year = {2001},
  url = {https://nvlpubs.nist.gov/nistpubs/FIPS/NIST.FIPS.197-upd1.pdf}
}

@online{wiki_aes,
  author = {{Wikipedia contributors}},
  title = {{Advanced Encryption Standard}},
  year = {2022},
  url = {https://en.wikipedia.org/wiki/Advanced_Encryption_Standard},
  organization = {{Wikipedia, The Free Encyclopedia}}
}

@online{wagnon_ecc,
  author = {John Wagnon},
  title = {Elliptic Curve Cryptography Overview},
  year = {2015},
  month = {10},
  day = {14},
  url = {https://www.youtube.com/watch?v=dCvB-mhkT0w&t}
}

@online{pierce_ecdh,
  author = {Robert Pierce},
  title = {Elliptic Curve Diffie Hellman},
  year = {2014},
  month = {12},
  day = {10},
  url = {https://www.youtube.com/watch?v=F3zzNa42-tQ}
}

@online{ramet_r3.09,
  author = {Ramet, P.},
  title = {R3.09},
  year = {2023},
  url = {https://ramet.gitlab.io/r3.09-crypto/}
}

@techreport{secg2010,
  author = {{Certicom Research} and {Brown, D. R. L.}},
  title = {Standards for Efficient Cryptography SEC 2: Recommended Elliptic Curve domain Parameters},
  year = {2010},
  institution = {Standards for Efficient Cryptography Group (SECG)},
  url = {https://www.secg.org/sec2-v2.pdf},
}

@article{shannon1948mathematical,
  title = {A Mathematical Theory of Communication},
  author = {Shannon, C. E.},
  journal = {The Bell System Technical Journal},
  volume = {27},
  number = {3},
  pages = {379--423},
  year = {1948},
}

@online{lirmm,
    author = {Marc Chaumont},
    title = {Code Correcteurs d'Erreurs / Les codes convolutifs binaires},
    year = {2008},
    url = {https://www.lirmm.fr/~chaumont/download/cours/codescorrecteur/05_codes_correcteurs_d%27erreurs_4_transparents_par_page.pdf.pdf}
}

@online{wiki_log,
  author = {{Wikipedia contributors}},
  title = {{Logarithme décimal}},
  year = {2023},
  url = {https://fr.wikipedia.org/wiki/Logarithme_d%C3%A9cimal},
  organization = {{Wikipedia, The Free Encyclopedia}}
}

@online{wiki_sha,
  author = {{Wikipedia contributors}},
  title = {{Claude Shannon}},
  year = {2024},
  url = {https://fr.wikipedia.org/wiki/Claude_Shannon},
  organization = {{Wikipedia, The Free Encyclopedia}}
}

@online{vizu,
    author = {CS Unplugged},
    title = {Computer Science Field Guide},
    url = {https://www.csfieldguide.org.nz/}
}

@article{citation-key,
    author = {{Marie-Pierre Béal} and {Nicolas Sendrier}},
    title = {Théorie de l’information et codage},
    school = {Université de Marne-la-Vallée},
    year = {2012}
}

@online{polytechnique_projet_sendrier,
    author = {{Nicolas Sendrier}},
    title = {Sujet de projet},
    year = {2006},
    url = {https://www.enseignement.polytechnique.fr/informatique/INF431/ARCHIVES/X04-2006/projets/sendrier/sujet.html}
}

@online{ulaval_codage_convolutif,
    author = {{O.Pothier}},
    title = {Les codes convolutifs},
    year = {2017},
    url = {http://wcours.gel.ulaval.ca/2017/h/GEL4200/default/7references/codage_convolutif.pdf}
}

@online{ensat_modul25,
    author = {{M. Moussaoui}},
    title = {Code convolutif},
    school = {École Nationale des Sciences Appliquées de Tanger},
    year = {2020},
    url = {http://ensat.ac.ma/Portail/wp-content/uploads/2020/03/Modul25_TI_cours3.pdf}
}

@online{wiki_huffman, 
    author = {Wikipedia contributors},
    title = {Codage de Huffman},
    url = {https://fr.wikipedia.org/wiki/Codage_de_Huffman},
}